@article {phonopy,
     Journal = {Scripta Materialia},
     Year = {2015},
     Title = {First principles phonon calculations in materials science},
     Author = {Togo, A and Tanaka, I},
     Pages = {1--5},
     Volume = {108},
     Month = {Nov}
}

@article{dft+u,
  title = {Electron-energy-loss spectra and the structural stability of nickel oxide:  {A}n {LSDA+U} study},
  author = {Dudarev, S. L. and Botton, G. A. and Savrasov, S. Y. and Humphreys, C. J. and Sutton, A. P.},
  journal = {Physical Review B},
  volume = {57},
  issue = {3},
  pages = {1505--1509},
  numpages = {0},
  year = {1998},
  month = {Jan},
  publisher = {American Physical Society},
  doi = {10.1103/PhysRevB.57.1505},
  url = {https://link.aps.org/doi/10.1103/PhysRevB.57.1505}
}

@article{airss1,
  title = {High-Pressure Phases of Silane},
  author = {Pickard, Chris J. and Needs, R. J.},
  journal = {Physical Review Letters},
  volume = {97},
  issue = {4},
  pages = {045504},
  numpages = {4},
  year = {2006},
  month = {Jul},
  publisher = {American Physical Society},
  doi = {10.1103/PhysRevLett.97.045504},
  url = {https://link.aps.org/doi/10.1103/PhysRevLett.97.045504}
}

@article{airss2,
  doi = {10.1088/0953-8984/23/5/053201},
  url = {https://doi.org/10.1088/0953-8984/23/5/053201},
  year = 2011,
  month = {jan},
  publisher = {{IOP} Publishing},
  volume = {23},
  number = {5},
  pages = {053201},
  author = {Chris J Pickard and R J Needs},
  title = {Ab initio random structure searching},
  journal = {Journal of Physics: Condensed Matter},
}

@article{uspex1,
  title={Crystal structure prediction using ab initio evolutionary techniques: {P}rinciples and applications},
  author={Oganov, Artem R and Glass, Colin W},
  journal={The Journal of Chemical Physics},
  volume={124},
  number={24},
  pages={244704},
  year={2006},
  publisher={American Institute of Physics}
}

@article{uspex2,
author = {Oganov, Artem R. and Lyakhov, Andriy O. and Valle, Mario},
title = {How Evolutionary Crystal Structure Prediction Works—and Why},
journal = {Accounts of Chemical Research},
volume = {44},
number = {3},
pages = {227--237},
year = {2011},
doi = {10.1021/ar1001318},
URL = {https://doi.org/10.1021/ar1001318},
}

@article{uspex3,
title = "New developments in evolutionary structure prediction algorithm USPEX",
journal = "Computer Physics Communications",
volume = "184",
number = "4",
pages = "1172--1182",
year = "2013",
issn = "0010-4655",
doi = "https://doi.org/10.1016/j.cpc.2012.12.009",
url = "http://www.sciencedirect.com/science/article/pii/S0010465512004055",
author = "Andriy O. Lyakhov and Artem R. Oganov and Harold T. Stokes and Qiang Zhu",
}

@article{uspex_topology,
title = "Topology-based crystal structure generator",
journal = "Computer Physics Communications",
volume = "236",
pages = "1 - 7",
year = "2019",
issn = "0010-4655",
doi = "https://doi.org/10.1016/j.cpc.2018.09.016",
url = "http://www.sciencedirect.com/science/article/pii/S0010465518303308",
author = "Pavel V. Bushlanov and Vladislav A. Blatov and Artem R. Oganov",
}

@article{vasp1,
  title = {Efficient iterative schemes for ab initio total-energy calculations using a plane-wave basis set},
  author = {Kresse, G. and Furthm\"uller, J.},
  journal = {Physical Review B},
  volume = {54},
  issue = {16},
  pages = {11169--11186},
  numpages = {0},
  year = {1996},
  month = {Oct},
  publisher = {American Physical Society},
  doi = {10.1103/PhysRevB.54.11169},
  url = {https://link.aps.org/doi/10.1103/PhysRevB.54.11169}
}

@article{vasp2,
title = "Efficiency of ab-initio total energy calculations for metals and semiconductors using a plane-wave basis set",
journal = "Computational Materials Science",
volume = "6",
number = "1",
pages = "15--50",
year = "1996",
issn = "0927-0256",
doi = "https://doi.org/10.1016/0927-0256(96)00008-0",
url = "http://www.sciencedirect.com/science/article/pii/0927025696000080",
author = "G. Kresse and J. Furthmüller",
}

@article{pbe,
  title={Generalized gradient approximation made simple},
  author={Perdew, John P and Burke, Kieron and Ernzerhof, Matthias},
  journal={Physical Review Letters},
  volume={77},
  number={18},
  pages={3865},
  year={1996},
  publisher={APS}
}